@book{Okedu2023,
  title       = {Performance of DFIG and PMSG Wind Turbines},
  ISBN        = {9781003350910},
  url         = {http://dx.doi.org/10.1201/9781003350910},
  DOI         = {10.1201/9781003350910},
  publisher   = {CRC Press},
  author      = {Okedu, Kenneth},
  year        = {2023},
  edition     = {First edition},
  month       = jan,
  pagetotal   = {216},
  language    = {english},
  langid      = {english},
}

@book{Nielsen2024,
  title       = {Offshore Wind Energy: Environmental Conditions and Dynamics of Fixed and Floating Turbines},
  ISBN        = {9781009341431},
  url         = {http://dx.doi.org/10.1017/9781009341455},
  DOI         = {10.1017/9781009341455},
  publisher   = {Cambridge University Press},
  author      = {Nielsen,  Finn Gunnar},
  year        = {2024},
  edition     = {First edition},
  month       = mar,
  pagetotal   = {382},
  language    = {english},
  langid      = {english},
}

@book{MetaheuristicAlgorithmsinEnergy,
  title       = {Advances on Computational Intelligence in Energy: The Applications of Nature-Inspired Metaheuristic Algorithms in Energy},
  ISBN        = {9783319698892},
  ISSN        = {1865-3537},
  url         = {http://dx.doi.org/10.1007/978-3-319-69889-2},
  DOI         = {10.1007/978-3-319-69889-2},
  journal     = {Green Energy and Technology},
  publisher   = {Springer International Publishing},
  editor      = {Tutut Herawan and Haruna Chiroma and Jemal H. Abawajy},
  year        = {2019},
  pagetotal   = {215},
  language    = {english},
  langid      = {english},
}

@book{Wang2024,
  title       = {Metaheuristic Algorithms: Theory and Practice},
  ISBN        = {9781003422426},
  url         = {http://dx.doi.org/10.1201/9781003422426},
  DOI         = {10.1201/9781003422426},
  publisher   = {CRC Press},
  author      = {Wang,  Gai-Ge and Zhao,  Xiaoqi and Li,  Keqin},
  year        = {2024},
  edition     = {First edition},
  month       = feb,
  pagetotal   = {451},
  language    = {english},
  langid      = {english},
}

@book{Okwu2021,
  title       = {Metaheuristic Optimization: Nature-Inspired Algorithms Swarm and Computational Intelligence,  Theory and Applications},
  ISBN        = {9783030611118},
  ISSN        = {1860-9503},
  url         = {http://dx.doi.org/10.1007/978-3-030-61111-8},
  DOI         = {10.1007/978-3-030-61111-8},
  journal     = {Studies in Computational Intelligence},
  publisher   = {Springer International Publishing},
  author      = {Okwu,  Modestus O. and Tartibu,  Lagouge K.},
  year        = {2021},
  pagetotal   = {192},
  language    = {english},
  langid      = {english},
}

@book{ExamplesEnergyModels,
  title       = {Practical Examples of Energy Optimization Models},
  ISBN        = {9789811521997},
  ISSN        = {2191-5539},
  url         = {http://dx.doi.org/10.1007/978-981-15-2199-7},
  DOI         = {10.1007/978-981-15-2199-7},
  journal     = {SpringerBriefs in Energy},
  publisher   = {Springer Singapore},
  editor      = {Samsul Ariffin Abdul Karim and Mohd Faris Abdullah and Ramani Kannan},
  year        = {2020},
  pagetotal   = {91},
  language    = {english},
  langid      = {english},
}

@book{ComputationalIntelligence,
  title       = {Computational Intelligence,  Optimization and Inverse Problems with Applications in Engineering},
  ISBN        = {9783319964331},
  url         = {http://dx.doi.org/10.1007/978-3-319-96433-1},
  DOI         = {10.1007/978-3-319-96433-1},
  publisher   = {Springer International Publishing},
  editor      = {Gustavo Mendes Platt and Xin-She Yang and Antônio José Silva Neto},
  year        = {2019},
  pagetotal   = {284},
  language    = {english},
  langid      = {english},
}

@book{Lobato2017,
  title       = {Multi-Objective Optimization Problems: Concepts and Self-Adaptive Parameters with Mathematical and Engineering Applications},
  ISBN        = {9783319585659},
  ISSN        = {2191-8201},
  url         = {http://dx.doi.org/10.1007/978-3-319-58565-9},
  DOI         = {10.1007/978-3-319-58565-9},
  journal     = {SpringerBriefs in Mathematics},
  publisher   = {Springer International Publishing},
  author      = {Lobato,  Fran Sérgio and Steffen,  Valder},
  year        = {2017},
  pagetotal   = {160},
  language    = {english},
  langid      = {english},
}

@inbook{Kaul2021,
  title       = {Nature-Inspired Metaheuristic Algorithms for Constraint Handling: Challenges,  Issues,  and Research Perspective},
  ISBN        = {9789813367104},
  url         = {http://dx.doi.org/10.1007/978-981-33-6710-4_3},
  DOI         = {10.1007/978-981-33-6710-4_3},
  booktitle   = {Constraint Handling in Metaheuristics and Applications},
  publisher   = {Springer Singapore},
  author      = {Kaul,  Surabhi and Kumar,  Yogesh},
  year        = {2021},
  pages       = {55-80},
  language    = {english},
  langid      = {english},
}

@article{SS2021,
  title       = {Nature inspired meta heuristic algorithms for optimization problems},
  volume      = {104},
  ISSN        = {1436-5057},
  url         = {http://dx.doi.org/10.1007/s00607-021-00955-5},
  DOI         = {10.1007/s00607-021-00955-5},
  number      = {2},
  journal     = {Computing},
  publisher   = {Springer Science and Business Media LLC},
  author      = {S. S.,  Vinod Chandra and H. S.,  Anand},
  year        = {2021},
  month       = may,
  pages       = {251-269},
  language    = {english},
  langid      = {english},
}

@inbook{Kumar2020,
  title       = {A Brief Literature on Optimization Techniques and Their Applications},
  ISBN        = {9789811520433},
  ISSN        = {2367-3389},
  url         = {http://dx.doi.org/10.1007/978-981-15-2043-3_66},
  DOI         = {10.1007/978-981-15-2043-3_66},
  booktitle   = {Innovations in Computer Science and Engineering},
  publisher   = {Springer Singapore},
  author      = {Kumar,  Alok and Kumar,  Anoj},
  year        = {2020},
  pages       = {611-620},
  language    = {english},
  langid      = {english},
}