% Encoding: UTF-8

% !!! Зверніть увагу, як заповнюється  джерела, в яких авторів більше ніж один !!!
% !!! Кома після прізвища, а після ініціалів ключове слово "and" !!!



@book{GWEC2014,
  author    = {{Global Wind Energy Council}},
  title     = {Global Wind Energy Outlook},
  year      = {2014}
}

@article{Diamond2011,
  author    = {Diamond, K. and Crivella, E.},
  title     = {Wind turbine wakes, wake effect impacts, and wind leases: using solar access laws as the model for capitalizing on wind rights during the evolution of wind policy standards},
  journal   = {Duke Environmental Law and Policy Forum},
  year      = {2011}
}

@article{Mosetti1994,
  author    = {Mosetti, G. and Poloni, C. and Diviacco, B.},
  title     = {Optimization of wind turbine positioning in large windfarms by means of a genetic algorithm},
  journal   = {J. Wind Eng. Ind. Aerodyn.},
  volume    = {51},
  pages     = {105--116},
  year      = {1994}
}

@article{Grady2005,
  author    = {Grady, S.A. and Hussaini, M.Y. and Abdullah, M.M.},
  title     = {Placement of wind turbines using genetic algorithms},
  journal   = {Renew. Energy},
  volume    = {30},
  pages     = {259--270},
  year      = {2005},
  doi       = {10.1016/j.renene.2004.05.007}
}

@article{Emami2010,
  author    = {Emami, A. and Noghreh, P.},
  title     = {New approach on optimization in placement of wind turbines within wind farm by genetic algorithms},
  journal   = {Renew. Energy},
  volume    = {35},
  pages     = {1559--1564},
  year      = {2010},
  doi       = {10.1016/j.renene.2009.11.026}
}

@article{Marmidis2008,
  author    = {Marmidis, G. and Lazarou, S. and Pyrgioti, E.},
  title     = {Optimal placement of wind turbines in a wind park using Monte Carlo simulation},
  journal   = {Renew. Energy},
  volume    = {33},
  pages     = {1455--1460},
  year      = {2008},
  doi       = {10.1016/j.renene.2007.09.004}
}

@inproceedings{Bilbao2009,
  author    = {Bilbao, M. and Alba, E.},
  title     = {Simulated annealing for optimization of wind farm annual profit},
  booktitle = {2009 2nd International Symposium on Logistics and Industrial Informatics, LINDI},
  year      = {2009},
  pages     = {1--5},
  doi       = {10.1109/LINDI.2009.5258656}
}

@inproceedings{Bilbao2009b,
  author    = {Bilbao, M. and Alba, E.},
  title     = {GA and PSO applied to wind energy optimization},
  booktitle = {XV Congreso Argentino de Ciencias de la Computación},
  volume    = {10},
  year      = {2009}
}

@article{Kusiak2010,
  author    = {Kusiak, A. and Song, Z.},
  title     = {Design of wind farm layout for maximum wind energy capture},
  journal   = {Renew. Energy},
  volume    = {35},
  pages     = {685--694},
  year      = {2010},
  doi       = {10.1016/j.renene.2009.08.019}
}

@article{Eroglu2012,
  author    = {Eroglu, Y. and Sekiner, S.U.},
  title     = {Design of wind farm layout using ant colony algorithm},
  journal   = {Renew. Energy},
  volume    = {44},
  pages     = {53--62},
  year      = {2012},
  doi       = {10.1016/j.renene.2011.12.013}
}

@article{Bansal2017,
  author    = {Bansal, J.C. and Farswan, P.},
  title     = {Wind farm layout using biogeography based optimization},
  journal   = {Renew. Energy},
  volume    = {107},
  pages     = {386--402},
  year      = {2017},
  doi       = {10.1016/j.renene.2017.01.064}
}

@article{Chowdhury2012,
  author    = {Chowdhury, S. and Zhang, J. and Messac, A. and Castillo, L.},
  title     = {Unrestricted wind farm layout optimization (UWFLO): investigating key factors influencing the maximum power generation},
  journal   = {Renew. Energy},
  volume    = {38},
  pages     = {16--30},
  year      = {2012},
  doi       = {10.1016/j.renene.2011.06.033}
}

@article{Chen2016,
  author    = {Chen, K. and Song, M.X. and Zhang, X. and Wang, S.F.},
  title     = {Wind turbine layout optimization with multiple hub height wind turbines using greedy algorithm},
  journal   = {Renew. Energy},
  volume    = {96},
  pages     = {676--686},
  year      = {2016},
  doi       = {10.1016/j.renene.2016.05.018}
}

@article{Saavedra2011,
  author    = {Saavedra-Moreno, B. and Salcedo-Sanz, S. and Paniagua-Tineo, A. and Prieto, L. and Portilla-Figueras, A.},
  title     = {Seeding evolutionary algorithms with heuristics for optimal wind turbines positioning in wind farms},
  journal   = {Renew. Energy},
  volume    = {36},
  pages     = {2838--2844},
  year      = {2011},
  doi       = {10.1016/j.renene.2011.04.018}
}

@article{Rasuo2010,
  author    = {Rasuo, B. and Bengin, A.},
  title     = {Optimization of wind farm layout},
  journal   = {FME Trans.},
  volume    = {38},
  pages     = {107--114},
  year      = {2010},
  doi       = {10.1002/pamm.201010262}
}

@article{Salcedo2014,
  author    = {Salcedo-Sanz, S. and Gallo-Marazuela, D. and Pastor-S{\'a}nchez, A. and Carro-Calvo, L. and Portilla-Figueras, A. and Prieto, L.},
  title     = {Offshore wind farm design with the Coral Reefs Optimization algorithm},
  journal   = {Renew. Energy},
  volume    = {63},
  pages     = {109--115},
  year      = {2014},
  doi       = {10.1016/j.renene.2013.09.004}
}

@article{Kallioras2015,
  author    = {N.A. Kallioras and N.D. Lagaros and M.G. Karlaftis and P. Pachy},
  title     = {Optimum layout design of onshore wind farms considering stochastic loading},
  journal   = {Adv. Eng. Softw.},
  volume    = {88},
  pages     = {8--20},
  year      = {2015},
  doi       = {10.1016/j.advengsoft.2015.05.002}
}

@inproceedings{Kwong2012,
  author    = {W.Y. Kwong and P.Y. Zhang and M. Morgenroth and D. Romero and C. Amon and J. Moran},
  title     = {Wind farm layout optimization considering energy generation and noise propagation},
  booktitle = {Proceedings of the ASME 2012 International Design Engineering Technical Conferences and Computers and Information in Engineering Conference},
  year      = {2012},
  pages     = {1--10}
}

@inproceedings{Mittal2016,
  author    = {P. Mittal and K. Kulkarni and K. Mitra},
  title     = {Multi-objective optimization of energy generation and noise propagation: a hybrid approach},
  booktitle = {2016 Indian Control Conference (ICC)},
  publisher = {IEEE, Piscataway},
  year      = {2016},
  pages     = {499--506},
  doi       = {10.1109/INDIANCC.2016.7441181}
}

@article{Khan2013,
  author    = {S.A. Khan and S. Rehman},
  title     = {Iterative non-deterministic algorithms in on-shore wind farm design: a brief survey},
  journal   = {Renew. Sust. Energ. Rev.},
  volume    = {19},
  pages     = {370--384},
  year      = {2013},
  doi       = {10.1016/j.rser.2012.11.040}
}

@article{Serrano2014,
  author    = {J. Serrano Gonz{\'a}lez and M. Burgos Pay{\'a}n and J.M.R. Santos and F. Gonz{\'a}lez-Longatt},
  title     = {A review and recent developments in the optimal wind-turbine micro-siting problem},
  journal   = {Renew. Sust. Energy Rev.},
  volume    = {30},
  pages     = {133--144},
  year      = {2014},
  doi       = {10.1016/j.rser.2013.09.027}
}

@article{Gu2013,
  author    = {H. Gu and J. Wang},
  title     = {Irregular-shape wind farm micro-siting optimization},
  journal   = {Energy},
  volume    = {57},
  pages     = {535--544},
  year      = {2013},
  doi       = {10.1016/j.energy.2013.05.066}
}

@misc{Meteoroloji2016,
  author    = {Meteoroloji Genel Mudurlugu},
  title     = {On-Line Meteorolojik Veri Erisimi},
  year      = {2016},
  url       = {https://www.mgm.gov.tr/site/bilgi-edinme.aspx?r=d},
  note      = {Cited 20 August 2016}
}

@article{Karasu2018,
  author    = {M.S. Karasu Asnaz and B. Yuksel},
  title     = {Calculation of wake losses due to placements of wind turbines in a windfarm},
  journal   = {Bal{\i}kesir {\"U}niversitesi Fen Bilimleri Enstit{\"u}s{\"u} Dergisi},
  volume    = {20},
  number    = {2},
  pages     = {1--13},
  year      = {2018},
  doi       = {10.25092/baunfbed.485820}
}

@misc{IEC2009,
  author    = {International Electrotechnical Commission},
  title     = {IEC 61400-1 Ed.3 Wind Turbines---Part 1: Design requirements},
  year      = {2009}
}

@inproceedings{Frohboese2010,
  author    = {P. Frohboese and C. Schmuck and G.L.G. Hassan},
  title     = {Thrust coefficients used for estimation of wake effects for fatigue load calculation},
  booktitle = {European Wind Energy Conference},
  year      = {2010},
  pages     = {1--10}
}

@misc{Veness2017,
  author    = {C. Veness},
  title     = {Calculate distance, bearing and more between Latitude/Longitude points},
  year      = {2017},
  url       = {http://www.movable-type.co.uk/scripts/latlong.html},
  note      = {Cited 11 April 2017}
}

@inproceedings{Wan2009,
  author    = {C. Wan and J. Wang and G. Yang and X. Li and X. Zhang},
  title     = {Optimal micro-siting of wind turbines by genetic algorithms based on improved wind and turbine models},
  booktitle = {Proceedings of the 48h IEEE Conference on Decision and Control (CDC) Held Jointly with 2009 28th Chinese Control Conference},
  year      = {2009},
  pages     = {5092--5096},
  doi       = {10.1109/CDC.2009.5399571}
}

@incollection{Samorani2011,
  author    = {M. Samorani},
  title     = {The wind farm layout optimization problem},
  booktitle = {Handbook of wind power systems},
  year      = {2011},
  pages     = {1--18},
  url       = {https://ssrn.com/abstract=2295750}
}